@article{kleene:regexp,
	title={Representation of events in nerve nets and finite automata},
	author={Kleene, Stephen C and others},
	journal={Automata studies},
	volume={34},
	pages={3--41},
	year={1956},
	publisher={Princeton, NJ}
}

@book{sipser:intro,
	author = {Sipser, Michael},
	title = {Introduzione alla teoria della computazione},
	date = {2016},
	editor = {Maggioli Editore},
	translator = {De Felice, Clelia and Gargano, Luisa and D'Arco, Paolo},
	language = {italiano},
	origlanguage = {english},
}

@book{hopcroft:alc,
	author = {Hopcroft, John E. and Motwani, Rajeev and Ullman, Jeffrey D.},
	title = {Automi, linguaggi e calcolabilit√†},
	date = {2018},
	editor = {Pearson},
	translator = {Pighizzini, G.},
	language = {italiano},
	origlanguage = {english},
	isbn = {9788891907806},
	edition = {3rd},
}

@article{alfred:patterns,
	title={Algorithms for finding patterns in strings},
	author={Alfred, V.},
	journal={Algorithms and Complexity},
	volume={1},
	pages={255},
	year={2014},
	publisher={Elsevier}
}

@article{freydenberger:pre,
	title={Extended regular expressions: Succinctness and decidability},
	author={Freydenberger, Dominik D},
	journal={Theory of Computing Systems},
	volume={53},
	number={2},
	pages={159--193},
	year={2013},
	publisher={Springer}
}

@article{campeanu:formal_study,
	title={A formal study of practical regular expressions},
	author={C{\^a}mpeanu, Cezar and Salomaa, Kai and Yu, Sheng},
	journal={International Journal of Foundations of Computer Science},
	volume={14},
	number={06},
	pages={1007--1018},
	year={2003},
	publisher={World Scientific}
}

@online{regexp:tutorial,
	title = {Using Backreferences To Match The Same Text Again},
	url = {https://www.regular-expressions.info/backref.html},
	urldate = {2022-08-30},
}